<record><leader>00000cas a2200000 a 4500</leader><controlfield tag="001">15106541</controlfield><controlfield tag="008">870123d19091913hiudn ne      0   d0jpnrd</controlfield><datafield ind1=" " ind2=" " tag="010"><subfield code="a">sn 87099791 </subfield></datafield><datafield ind1=" " ind2=" " tag="040"><subfield code="a">HUH</subfield><subfield code="b">eng</subfield><subfield code="c">HUH</subfield><subfield code="d">HWN</subfield><subfield code="d">OCL</subfield><subfield code="d">OCLCQ</subfield><subfield code="d">OCLCF</subfield><subfield code="d">OCLCO</subfield></datafield><datafield ind1="0" ind2=" " tag="041"><subfield code="a">jpneng</subfield></datafield><datafield ind1=" " ind2=" " tag="042"><subfield code="a">msc</subfield></datafield><datafield ind1=" " ind2=" " tag="043"><subfield code="a">n-us-hi</subfield></datafield><datafield ind1="0" ind2="0" tag="245"><subfield code="a">Hawai shokumin shinbun =</subfield><subfield code="b">The Hawaii shokumin shinbun.</subfield></datafield><datafield ind1="3" ind2="1" tag="246"><subfield code="a">Hawaii shokumin shinbun</subfield></datafield><datafield ind1=" " ind2=" " tag="260"><subfield code="a">Hilo, T.H. :</subfield><subfield code="b">Hawaii Shokumin Shinbun Sha,</subfield><subfield code="c">1909-1913.</subfield></datafield><datafield ind1=" " ind2=" " tag="300"><subfield code="a">5 v. :</subfield><subfield code="b">ill.</subfield></datafield><datafield ind1=" " ind2=" " tag="310"><subfield code="a">Daily (except Sun.),</subfield><subfield code="b">Jan. 9, 1913-</subfield></datafield><datafield ind1=" " ind2=" " tag="321"><subfield code="a">Three issues weekly,</subfield><subfield code="b">1909-Jan. 1, 1913</subfield></datafield><datafield ind1="0" ind2=" " tag="362"><subfield code="a">No. 1 (May 7, 1909)-no. 746 (Sept. 30, 1913).</subfield></datafield><datafield ind1=" " ind2=" " tag="500"><subfield code="a">No more published?</subfield></datafield><datafield ind1=" " ind2=" " tag="546"><subfield code="a">In Japanese; some English.</subfield></datafield><datafield ind1=" " ind2="0" tag="650"><subfield code="a">Japanese</subfield><subfield code="z">Hawaii</subfield><subfield code="v">Periodicals.</subfield></datafield><datafield ind1=" " ind2="7" tag="655"><subfield code="a">Periodicals.</subfield><subfield code="2">fast</subfield><subfield code="0">(OCoLC)fst01411641</subfield></datafield><datafield ind1=" " ind2="7" tag="650"><subfield code="a">Japanese.</subfield><subfield code="2">fast</subfield><subfield code="0">(OCoLC)fst00981362</subfield></datafield><datafield ind1=" " ind2="7" tag="651"><subfield code="a">Hawaii.</subfield><subfield code="2">fast</subfield><subfield code="0">(OCoLC)fst01208724</subfield></datafield><datafield ind1=" " ind2=" " tag="752"><subfield code="a">United States</subfield><subfield code="b">Hawaii</subfield><subfield code="c">Hawaii</subfield><subfield code="d">Hilo.</subfield></datafield><datafield ind1="0" ind2="0" tag="785"><subfield code="t">Hawaii mainichi</subfield><subfield code="w">(DLC)sn 85047156</subfield><subfield code="w">(OCoLC)12222189</subfield></datafield></record>